@online{prism-desc,
    title={Introducing the Shining New Standard in Smart Park Technology, accesso Prism!},
    date={2016-12-02},
    url={https://www.accesso.com/learn/accesso-webinar-series-presents-introducing-the-shining-new-standard-in-smart-park-technology-accesso-prism}
}

@online{accesso-wikipedia,
    title={Accesso Wikipedia},
    url={https://en.wikipedia.org/wiki/Accesso}
}

@online{prism-manual,
    title={Prism Manual},
    url={https://manuals.plus/accesso/57136-wearable-wireless-booking-device-manual}
}

@misc{q-management-system-patent,
    title={Queue management system},
    author={Christopher Butler, ACCESSO TECHNOLOGY GROUP},
    year={US 10,127,744 B2, Nov.13, 2018}
}
